@article{olson1973gradient,
  title={Gradient loudspeakers},
  author={Olson, Harry F},
  journal={Journal of the Audio Engineering Society},
  volume={21},
  number={2},
  pages={86--93},
  year={1973},
  publisher={Audio Engineering Society}
}

@book{olson1957acoustical,
  title={Acoustical engineering},
  author={Olson, Harry F},
  year={1957},
  pages={86--93},
  publisher={van Nostrand}
}

@online{curtis2022cardioidsubs,
    title={Cardioid Subs Explained For Normal Audio People},
    author={Micheal Curtis},
    year={2022},
    url = {"https://www.youtube.com/watch?v=EgHK1s7SzIE\&t=477s"}

}

@online{AESsoundfieldcontrol,
    title={Sound Field Control},
    author={Philip Coleman},
    year={2022},
    url = {"https://aes2.org/audio-topics/sound-field-control-2/"}

}


@article{cheer2015robustness,
  title={Robustness and efficiency of an acoustically coupled two-source superdirective array},
  journal={International Congress on Sound and Vision},
  author={Cheer, Jordan},
  year={2015}
}

@article{heuchel2020large,
  title={Large-scale outdoor sound field control},
  author={Heuchel, Franz M and Caviedes-Nozal, Diego and Brunskog, Jonas and Agerkvist, Finn T and Fernandez-Grande, Efren},
  journal={The Journal of the Acoustical Society of America},
  volume={148},
  number={4},
  pages={2392--2402},
  year={2020},
  publisher={Acoustical Society of America}
}

@misc{hargreaves,
  title={Spherical harmonic cardioid metric},
  author={Jonathan Hargreaves},
  year={2022},
  publisher={University of Salford}
}

@mastersthesis{vedier,
  author  = {Vedier, Paul},
  school  = {University of Salford},
  title   = {Design and Optimisation of an Axisymmetric End-Fire Loudspeaker with Precise Directivity},
  year    = {2020}
}

@inproceedings{klippel2016holographic,
  title={Holographic nearfield measurement of loudspeaker directivity},
  author={Klippel, Wolfgang and Bellmann, Christian},
  booktitle={Audio Engineering Society Convention 141},
  year={2016},
  organization={Audio Engineering Society}
}

@techreport{KEFCi,
     title = {Ci250RRM-THX},
     author = {KEF R\&D},
     year = {2022},
     institution = {KEF},
}

@book{smith2013digital,
  title={Digital signal processing: a practical guide for engineers and scientists},
  author={Smith, Steven},
  year={2013},
  pages={277--284},
  publisher={Elsevier}
}

    
@misc{smoothdata,
    year = {2023},
    author = {The MathWorks Inc},
    title = {smoothdata - Documentation},
    publisher = {The MathWorks Inc},
    address = {Natick, Massachusetts, United States},
}

@book{li2019digital,
  title={Digital Signal Processing in Audio and Acoustical Engineering},
  author={Li, Francis F and Cox, Trevor J},
  year={2019},
  pages={73--74},
  publisher={CRC Press}
}

@online{stanfordConvolution,
    title = {Convolution Theorem},  
    author = {Julius O. Smith},
    year = {2022},
    url = {"https://ccrma.stanford.edu/jos/sasp/ConvolutionTheorem\_DTFT.html"},   
    urldate  = {04/2023}
}

@article{litwin2000fir,
  title={FIR and IIR digital filters},
  author={Litwin, Louis},
  journal={IEEE potentials},
  volume={19},
  number={4},
  pages={28--31},
  year={2000},
  publisher={IEEE}
}

@misc{weisstein,
    author   = {Weisstein, Eric W.},
    title    = {Spherical Hankel Functions of the First Kind. {From MathWorld---A Wolfram Web Resource}},
    url      = {https://mathworld.wolfram.com/SphericalHankelFunctionoftheFirstKind.html},
    note     = {Accessed in 10/2022},
}

@book{mitra2001digital,
  title={Digital signal processing: a computer-based approach},
  author={Mitra, Sanjit K},
  year={2001},
  publisher={McGraw-Hill Higher Education}
}

@book{kinslerFreySpherical,
  title={Fundamentals of Acoustics, Fourth Edition},
  author={Kinsler, Lawrence and Frey, Austin},
  year={2000},
  pages={142--143},
  publisher={John Wiley and Sons}
  }

@misc{hargreaves2020spherical,
  title = {Achieving Harmony with Spherical Harmonics},
  author = {Dr. Jonathan Hargreaves},
  year = {2020},
  publisher = {University of Salford}
}


@online{ASRcrosssection,
    title = {Speakers deconstructed},  
    author = {`q3cpma'},
    year = {2020},
    url = {"https://www.audiosciencereview.com/forum/index.php?threads/speakers-deconstructed.12518/"},   
    urldate  = {04/2023}
}

@article{liechti2021total,
  title={Total harmonic distortion of a piezoelectric MEMS loudspeaker in an IEC 60318-4 coupler estimation using static measurements and a nonlinear state space model},
  author={Liechti, Romain and Durand, St{\'e}phane and Hilt, Thierry and Casset, Fabrice and Poulain, Christophe and Le Rhun, Gwena{\"e}l and Pavageau, Franklin and Kuentz, Hugo and Colin, Mika{\"e}l},
  journal={Micromachines},
  volume={12},
  number={12},
  pages={1437},
  year={2021},
  publisher={Multidisciplinary Digital Publishing Institute}
}

@misc{meggitt2020loudspeakers,
  title = {Microphone and Loudspeaker Design, Lecture Notes 2020-2021},
  author = {Joshua W.R. Meggitt},
  year = {2020},
  publisher = {University of Salford}
}

@article{kirkeby1993reproduction,
  title={Reproduction of plane wave sound fields},
  author={Kirkeby, Ole and Nelson, Philip A},
  journal={The Journal of the Acoustical Society of America},
  volume={94},
  number={5},
  pages={2992--3000},
  year={1993},
  publisher={Acoustical Society of America}
}

@article{chang2012sound,
  title={Sound field control with a circular double-layer array of loudspeakers},
  author={Chang, Ji-Ho and Jacobsen, Finn},
  journal={The Journal of the Acoustical Society of America},
  volume={131},
  number={6},
  pages={4518--4525},
  year={2012},
  publisher={Acoustical Society of America}
}
